@MISC {cornell20164th,
	author       = "Cornell",
	title        = "Fourth Amendment",
	howpublished = "Online",
	year         = "2016",
	note         = "\url{https://www.law.cornell.edu/wex/fourth_amendment}"
}

@ARTICLE {andreapeterson2015,
	author  = "Andrea Peterson",
	title   = "These data brokers cost consumers millions by illegally selling off their financial information, says FTC",
	journal = "Washington Post",
	year    = "2015",
	month   = "8",
	note    = "\url{https://www.washingtonpost.com/news/the-switch/wp/2015/08/12/ftc-shady-databrokers-illegally-sold-consumers-financial-information-to-scam-operation/}"
}

@ARTICLE {multiple2014,
	author  = "Multiple",
	title   = "Should Companies Profit by Selling Customers' Data?",
	journal = "Wall Street Journal",
	year    = "2014",
	month   = "10",
	note    = "\url{http://www.wsj.com/articles/SB10001424052702304410204579143981978505724}"
}

@MISC {mutliple2015,
	author       = "Mutliple",
	title        = "Fact Sheet 41:  Data Brokers and Your Privacy",
	howpublished = "Online",
	month        = "12",
	year         = "2015",
	note         = "\url{https://www.privacyrights.org/content/data-brokers-and-your-privacy}"
}

@ARTICLE {johnw.whitehead2012,
	author = "John W. Whitehead",
	title  = "EyeSee You and The Internet of Things: watching you while you shop",
	year   = "2012",
	pages  = "excerpted",
	month  = "12",
	note   = "\url{https:///www.rutherford.org}"
}

@ARTICLE {sonypr2011,
	author  = "Sony PR",
	title   = "Playstation Network Restoration Begins",
	journal = "PSN News",
	year    = "2011",
	month   = "5",
	note    = "\url{http://uk.playstation.com/psn/news/articles/detail/item369506/PSN-Qriocity-Service-Update/}"
}
@ARTICLE {bbc2011,
	author  = "Unkown",
	title   = "Sony faces legal action over attack on PlayStation network",
	journal = "BBC News",
	year    = "2011",
	month   = "4",
	note    = "\url{www.bbc.com/news/technology-13192359}"
}
@ARTICLE {shanerichmond2011,
	author  = "Shane Richmond",
	title   = "Millions of internet users hit by massive Sony PlayStation data theft",
	journal = "The Telegraph",
	year    = "2011",
	month   = "4",
	note    = "\url{http://www.telegraph.co.uk/technology/news/8475728/Millions-of-internet-users-hit-by-massive-Sony-PlayStation-data-theft.html}"
}
@ARTICLE {chrisgriffith2011,
	author  = "Chris Griffith",
	title   = "PlayStation users in Australia urged to check credit card activity",
	journal = "The Australian",
	year    = "2011",
	month   = "11",
	note    = "\url{http://www.theaustralian.com.au/life/personal-technology/playstation-users-in-australia-urged-to-check-credit-card-activity/story-e6frgazf-1226045582897}"
}

@ARTICLE {patrickseybold2011,
	author  = "Patrick Seybold",
	title   = "Clarifying a Few PSN Points",
	journal = "PSN.blog",
	year    = "2011",
	month   = "4",
	note    = "\url{http://blog.us.playstation.com/2011/04/26/clarifying-a-few-psn-points/}"
}

@ARTICLE {sonyqa2011,
	author  = "http://blog.us.playstation.com/author/pseybold/",
	title   = "Q\&A \#1 for PlayStation Network and Qriocity Services",
	journal = "PSN.blog",
	year    = "2011",
	month   = "4",
	note    = "\url{http://blog.us.playstation.com/2011/04/27/qa-1-for-playstation-network-and-qriocity-services/}"
}

@ARTICLE {keithstuartcharlesarthur2011,
	author  = "Keith Stuart and Charles Arthur",
	title   = "PlayStation Network hack: why it took Sony seven days to tell the world",
	journal = "The Guardian",
	year    = "2011",
	month   = "4",
	note    = "\url{http://www.theguardian.com/technology/gamesblog/2011/4/27/playstation-network-hack-sony}"
}

@ARTICLE {christopherwilliams2011,
	author  = "Christopher Williams",
	title   = "PlayStation hack: Sony users urged to change passwords",
	journal = "The Telegraph",
	year    = "2011",
	month   = "4",
	note    = "\url{http://www.telegraph.co.uk/technology/sony/8478404/PlayStation-hack-Sony-users-urged-to-change-passwords.html}"
}

@ARTICLE {patrickseybold20113,
	author  = "Patrick Seybold",
	title   = "PlayStation Network Security Update",
	journal = "PSN.blog",
	year    = "2011",
	month   = "5",
	note    = "\url{http://blog.us.playstation.com/2011/05/02/playstation-network-security-update/}"
}

@ARTICLE {natecardozo2015,
	author  = "Nate Cardozo",
	title   = "Internet Companies: Confusing Consumers for Profit",
	journal = "EFF",
	year    = "2015",
	month   = "10",
	note    = "\url{https://www.eff.org/deeplinks/2015/10/internet-companies-confusing-consumers-profit}"
}

@ARTICLE {dawnchmielewski2016,
	author  = "Dawn Chmielewski",
	title   = "How ‘Do Not Track’ Ended Up Going Nowhere",
	journal = "<re/code>",
	year    = "2016",
	month   = "1",
	note    = "\url{http://recode.net/2016/01/04/how-do-not-track-ended-up-going-nowhere/}"
}
